@ARTICLE{bowman:reasoning,
	AUTHOR = "Mic Bowman and Saumya K. Debray and Larry L. Peterson",
	TITLE = "Reasoning About Naming Systems",
	JOURNAL = "ACM Trans. Program. Lang. Syst.",
	VOLUME = {15},
	NUMBER = {5},
	PAGES = {795-825},
	MONTH = "November",
	YEAR = {1993}	}

@ARTICLE{braams:babel,
	AUTHOR = "Johannes Braams",
	TITLE = "Babel, a Multilingual Style-Option System for Use with LaTeX's Standard Document Styles",
	JOURNAL = {TUGboat},
	VOLUME = {12},
	NUMBER = {2},
	PAGES = {291-301},
	MONTH = "June",
	YEAR = {1991}	}

@INPROCEEDINGS{clark:pct,
	AUTHOR = "Malcolm Clark",
	TITLE = "Post Congress Tristesse",
	BOOKTITLE = "TeX90 Conference Proceedings",
	PAGES = "84-89",
	ORGANIZATION = "TeX Users Group",
	MONTH = "March", 
	YEAR = {1991}	}

@ARTICLE{herlihy:methodology,
	AUTHOR = "Maurice Herlihy",
	TITLE = "A Methodology for Implementing Highly Concurrent
	Data Objects",
	JOURNAL = {ACM Trans. Program. Lang. Syst.},
	VOLUME = {15},
	NUMBER = {5},
	PAGES = {745-770},
	MONTH = "November",
	YEAR = {1993}	}

@BOOK{Lamport:LaTeX,
	AUTHOR = "Leslie Lamport",
	TITLE = "LaTeX User's Guide and Document Reference Manual",
	PUBLISHER = "Addison-Wesley Publishing Company",
	ADDRESS = "Reading, Massachusetts",
	YEAR = "1986"	}

@BOOK{salas:calculus,
	AUTHOR = "S.L. Salas and Einar Hille",
	TITLE = "Calculus: One and Several Variable",
	PUBLISHER = "John Wiley and Sons",
	ADDRESS = "New York",
	YEAR = "1978"	}

@article{Deng20081640,
title = "CVM - A communication virtual machine",
journal = "Journal of Systems and Software",
volume = "81",
number = "10",
pages = "1640 - 1662",
year = "2008",
note = "<ce:title>Selected papers from the 30th Annual International Computer Software and Applications Conference (COMPSAC), Chicago, September 72-1, 2006</ce:title>",
issn = "0164-1212",
doi = "10.1016/j.jss.2008.02.020",
url = "http://www.sciencedirect.com/science/article/pii/S016412120800037X",
author = "Yi Deng and S. Masoud Sadjadi and Peter J. Clarke and Vagelis Hristidis and Raju Rangaswami and Yingbo Wang",
keywords = "Model-driven architecture",
keywords = "Communication services",
keywords = "Multimedia",
keywords = "Middleware",
keywords = "Telemedicine"
}

@inproceedings{DBLP:conf/seke/AllisonAYC11,
  author    = {Mark Allison and
               Andrew A. Allen and
               Zhenyu Yang and
               Peter J. Clarke},
  title     = {A Software Engineering Approach to User-Driven Control of
               the Microgrid},
  booktitle = {SEKE},
  year      = {2011},
  pages     = {59-64},
  crossref  = {DBLP:conf/seke/2011},
  bibsource = {DBLP, http://dblp.uni-trier.de}
}

@proceedings{DBLP:conf/seke/2011,
  title     = {Proceedings of the 23rd International Conference on Software
               Engineering {\&} Knowledge Engineering (SEKE'2011), Eden
               Roc Renaissance, Miami Beach, USA, July 7-9, 2011},
  booktitle = {SEKE},
  publisher = {Knowledge Systems Institute Graduate School},
  year      = {2011},
  isbn      = {1-891706-29-2},
  bibsource = {DBLP, http://dblp.uni-trier.de}
}

@INPROCEEDINGS{FranceEtAl,
author={France, R. and Rumpe, B.},
booktitle={Future of Software Engineering, 2007. FOSE '07}, title={Model-driven Development of Complex Software: A Research Roadmap},
year={2007},
month={may},
volume={},
number={},
pages={37 -54},
keywords={complex software;model-driven development;model-driven engineering;software complexity;software development;software metrics;},
doi={10.1109/FOSE.2007.14},
ISSN={},}

@ARTICLE{Schmidt,
author={Schmidt, D.C.},
journal={Computer}, title={Guest Editor's Introduction: Model-Driven Engineering},
year={2006},
month={feb.},
volume={39},
number={2},
pages={ 25 - 31},
keywords={ Enterprise DRE systems; MDE tools; Model-driven engineering; Programming languages; Software development; System design;},
doi={10.1109/MC.2006.58},
ISSN={0018-9162},}

@inproceedings{Kurtev:2006:MDF:1176617.1176632,
 author = {Kurtev, Ivan and B{\'e}zivin, Jean and Jouault, Fr{\'e}d{\'e}ric and Valduriez, Patrick},
 title = {Model-based DSL frameworks},
 booktitle = {Companion to the 21st ACM SIGPLAN symposium on Object-oriented programming systems, languages, and applications},
 series = {OOPSLA '06},
 year = {2006},
 isbn = {1-59593-491-X},
 location = {Portland, Oregon, USA},
 pages = {602--616},
 numpages = {15},
 url = {http://doi.acm.org/10.1145/1176617.1176632},
 doi = {10.1145/1176617.1176632},
 acmid = {1176632},
 publisher = {ACM},
 address = {New York, NY, USA},
 keywords = {DSL engineering, MDA, model-driven engineering, tool-based approaches},
} 


